
    <zs:record>
      <zs:recordSchema/>
      <zs:recordPacking>xml</zs:recordPacking>
      <zs:recordData>
        <record xmlns="http://www.loc.gov/MARC21/slim">
          <leader>00904cam a22002891  4500</leader>
          <controlfield tag="001">8198023</controlfield>
          <controlfield tag="005">20130510092524.0</controlfield>
          <controlfield tag="008">751020s1896    enka     b    001 0 eng  </controlfield>
          <datafield tag="906" ind1=" " ind2=" ">
            <subfield code="a">7</subfield>
            <subfield code="b">cbc</subfield>
            <subfield code="c">oclcrpl</subfield>
            <subfield code="d">u</subfield>
            <subfield code="e">ncip</subfield>
            <subfield code="f">19</subfield>
            <subfield code="g">y-gencatlg</subfield>
          </datafield>
          <datafield tag="010" ind1=" " ind2=" ">
            <subfield code="a">   03018737 </subfield>
          </datafield>
          <datafield tag="035" ind1=" " ind2=" ">
            <subfield code="9">(DLC)   03018737</subfield>
          </datafield>
          <datafield tag="035" ind1=" " ind2=" ">
            <subfield code="a">(OCoLC)1718705</subfield>
          </datafield>
          <datafield tag="040" ind1=" " ind2=" ">
            <subfield code="a">DLC</subfield>
            <subfield code="c">NCH</subfield>
            <subfield code="d">OCoLC</subfield>
            <subfield code="d">DLC</subfield>
          </datafield>
          <datafield tag="042" ind1=" " ind2=" ">
            <subfield code="a">premarc</subfield>
          </datafield>
          <datafield tag="050" ind1="0" ind2="0">
            <subfield code="a">SB451</subfield>
            <subfield code="b">.R6 1896</subfield>
          </datafield>
          <datafield tag="082" ind1=" " ind2=" ">
            <subfield code="a">635.90942</subfield>
          </datafield>
          <datafield tag="100" ind1="1" ind2=" ">
            <subfield code="a">Cecil, Evelyn,</subfield>
            <subfield code="c">Mrs.,</subfield>
            <subfield code="d">-1941.</subfield>
          </datafield>
          <datafield tag="245" ind1="0" ind2="2">
            <subfield code="a">A history of gardening in England,</subfield>
            <subfield code="c">By the Hon. Alicia Amherst.</subfield>
          </datafield>
          <datafield tag="250" ind1=" " ind2=" ">
            <subfield code="a">2d ed.</subfield>
          </datafield>
          <datafield tag="260" ind1=" " ind2=" ">
            <subfield code="a">London,</subfield>
            <subfield code="b">B. Quaritch,</subfield>
            <subfield code="c">1896.</subfield>
          </datafield>
          <datafield tag="300" ind1=" " ind2=" ">
            <subfield code="a">xiv, 405 p.</subfield>
            <subfield code="b">illus.</subfield>
            <subfield code="c">26 cm.</subfield>
          </datafield>
          <datafield tag="504" ind1=" " ind2=" ">
            <subfield code="a">Bibliography: p.[331]-389.</subfield>
          </datafield>
          <datafield tag="650" ind1=" " ind2="0">
            <subfield code="a">Gardens</subfield>
            <subfield code="z">England.</subfield>
          </datafield>
          <datafield tag="650" ind1=" " ind2="0">
            <subfield code="a">Gardening</subfield>
            <subfield code="x">History.</subfield>
          </datafield>
          <datafield tag="650" ind1=" " ind2="0">
            <subfield code="a">Gardening</subfield>
            <subfield code="v">Bibliography.</subfield>
          </datafield>
          <datafield tag="985" ind1=" " ind2=" ">
            <subfield code="e">OCLC REPLACEMENT cdsdistr</subfield>
          </datafield>
          <datafield tag="991" ind1=" " ind2=" ">
            <subfield code="b">c-GenColl</subfield>
            <subfield code="h">SB451</subfield>
            <subfield code="i">.R6 1896</subfield>
            <subfield code="p">00009123581</subfield>
            <subfield code="t">Copy 1</subfield>
            <subfield code="w">OCLCREP</subfield>
          </datafield>
        </record>
      </zs:recordData>
      <zs:recordPosition>6</zs:recordPosition>
    </zs:record>